
    <record>
      <recordSchema>marcxml</recordSchema>
      <recordPacking>xml</recordPacking>
      <recordData>
        <record xmlns="http://www.loc.gov/MARC21/slim">
          <leader>00306nam a2200085 a 4500</leader>
          <controlfield tag="001">991007902439706532</controlfield>
          <controlfield tag="008">^^</controlfield>
          <datafield ind1=" " ind2=" " tag="035">
            <subfield code="a">(CUY)UCB-b212656144-01ucs_ber</subfield>
          </datafield>
          <datafield ind1="1" ind2=" " tag="100">
            <subfield code="a">De Chirico, Giorgio,</subfield>
            <subfield code="d">1888-1978.</subfield>
          </datafield>
          <datafield ind1="1" ind2="0" tag="245">
            <subfield code="a">Il Cavaliere Solitario</subfield>
            <subfield code="h">[graphic]</subfield>
          </datafield>
          <datafield ind1=" " ind2=" " tag="300">
            <subfield code="a">1 lithograph :</subfield>
            <subfield code="b">col.</subfield>
          </datafield>
          <datafield ind1=" " ind2=" " tag="996">
            <subfield code="a">b212656144</subfield>
            <subfield code="b">Updated: 02-20-19</subfield>
            <subfield code="c">Created: 05-01-14</subfield>
            <subfield code="d">CatDate:   -  -</subfield>
            <subfield code="9">LOCAL</subfield>
          </datafield>
          <datafield ind1=" " ind2=" " tag="AVA">
            <subfield code="0">991007902439706532</subfield>
            <subfield code="8">22702044740006532</subfield>
            <subfield code="a">01UCS_BER</subfield>
            <subfield code="b">MORR</subfield>
            <subfield code="c">Morrison</subfield>
            <subfield code="e">available</subfield>
            <subfield code="f">1</subfield>
            <subfield code="g">0</subfield>
            <subfield code="i">UCB_Campus</subfield>
            <subfield code="j">mo</subfield>
            <subfield code="k">#</subfield>
            <subfield code="p">1</subfield>
            <subfield code="q">Morrison Library</subfield>
          </datafield>
        </record>
      </recordData>
      <recordIdentifier>991007902439706532</recordIdentifier>
      <recordPosition>6</recordPosition>
    </record>