
    <record>
      <recordSchema>marcxml</recordSchema>
      <recordPacking>xml</recordPacking>
      <recordData>
        <record xmlns="http://www.loc.gov/MARC21/slim">
          <leader>00272nam a2200085 a 4500</leader>
          <controlfield tag="001">991008718379706532</controlfield>
          <controlfield tag="008">^^</controlfield>
          <datafield ind1=" " ind2=" " tag="035">
            <subfield code="a">(CUY)UCB-b214199137-01ucs_ber</subfield>
          </datafield>
          <datafield ind1="1" ind2=" " tag="100">
            <subfield code="a">Johnston, Ynez</subfield>
          </datafield>
          <datafield ind1="1" ind2="0" tag="245">
            <subfield code="a">Monsoon</subfield>
            <subfield code="h">[graphic]</subfield>
          </datafield>
          <datafield ind1=" " ind2=" " tag="300">
            <subfield code="a">1 art piece :</subfield>
            <subfield code="b">col.</subfield>
          </datafield>
          <datafield ind1=" " ind2=" " tag="996">
            <subfield code="a">b214199137</subfield>
            <subfield code="b">Updated: 07-09-14</subfield>
            <subfield code="c">Created: 07-09-14</subfield>
            <subfield code="d">CatDate:   -  -</subfield>
            <subfield code="9">LOCAL</subfield>
          </datafield>
          <datafield ind1=" " ind2=" " tag="AVA">
            <subfield code="0">991008718379706532</subfield>
            <subfield code="8">22751267480006532</subfield>
            <subfield code="a">01UCS_BER</subfield>
            <subfield code="b">MORR</subfield>
            <subfield code="c">Morrison</subfield>
            <subfield code="e">available</subfield>
            <subfield code="f">1</subfield>
            <subfield code="g">0</subfield>
            <subfield code="i">UCB_Campus</subfield>
            <subfield code="j">mo</subfield>
            <subfield code="k">#</subfield>
            <subfield code="p">1</subfield>
            <subfield code="q">Morrison Library</subfield>
          </datafield>
        </record>
      </recordData>
      <recordIdentifier>991008718379706532</recordIdentifier>
      <recordPosition>7</recordPosition>
    </record>